%
%  An example of a bibliographical database for bibTeX
%
%  Recommended software for maintenance of *.bib files:
%    JabRef, http://jabref.sourceforge.net/
%
%  BEWARE:
%
%    *  If a name contains a capital letter, which must be kept such,
%       use curly brackets ({T}hailand, {HIV}).
%
%  ===========================================================================

@BOOK{Andel07,
  title = {Základy matematické statistiky},
  publisher = {Matfyzpress},
  year = {2007},
  author = {Anděl, J.},
  address = {Praha},
  series = {Druhé opravené vydání},
  isbn = {80-7378-001-1}
}

@ARTICLE{Genberget08,
  author = {Genberg, B. L. and Kulich, M. and Kawichai, S. and Modiba, P. and
	Chingono, A. and Kilonzo, G. P. and Richter, L. and Pettifor, A.
	and Sweat, M. and Celentano, D. D.},
  title = {{HIV} risk behaviors in Sub-{S}aharan {A}frica and {N}orthern {T}hailand:
	{B}aseline behavioral data from project {A}ccept},
  journal = {Journal of Acquired Immune Deficiency Syndrome},
  year = {2008},
  volume = {49},
  pages = {309--319}
}
Hockney, Roger W., and James W. Eastwood. Computer simulation using particles. CRC Press, 1988. 

@BOOK{KaplanMeier58,
  author = {Hockney and Roger, W. and Eastwood, James W.},
  title = {Computer simulation using particles},
  publisher = {CRC Press},
  year = {1988},
  pages = {1-1},
}


@ARTICLE{edem,
  author = {Imagire and Takashi and Henry Johan and Tomoyuki Nishita},
  title = {A fast method for simulating destruction and the generated dust and debris},
  journal = {The Visual Computer},
  year = {2009},
  volume = {25.5-7},
  pages = {719-727}
}

@ONLINE{invaders,
  title = {Space Invaders},
  howpublished = {\url{https://en.wikipedia.org/wiki/Space_Invaders}},
  note = {Accessed: 2017-05-16}
}

@ONLINE{worms,
  title = {Worms},
  howpublished = {\url{https://www.team17.com/games/worms-original}},
  note = {Accessed: 2017-05-16}
}

@ONLINE{geomod,
  title = {Geo-Mod},
  howpublished = {\url{http://redfaction.wikia.com/wiki/Geo-Mod}},
  note = {Accessed: 2017-05-17}
}

@ONLINE{geomod2,
  title = {Geo-Mo 2d},
  howpublished = {\url{https://www.youtube.com/watch?v=lICurOVsNv0}},
  note = {Accessed: 2017-05-20}
}

@ONLINE{redfaction,
  title = {Red Faction},
  howpublished = {\url{http://redfaction.wikia.com/wiki/Red_Faction}},
  note = {Accessed: 2017-05-17}
}

@ONLINE{frostbite,
  title = {Frostbite},
  howpublished = {\url{http://www.frostbite.com/about/frostbite-3}},
  note = {Accessed: 2017-05-17}
}

@ONLINE{destruction,
  title = {Destruction},
  howpublished = {\url{http://battlefield.wikia.com/wiki/Destruction}},
  note = {Accessed: 2017-05-17}
}

@ONLINE{scorched,
  title = {Scorched Earth},
  howpublished = {\url{https://en.wikipedia.org/wiki/Scorched_Earth_(video_game)}},
  note = {Accessed: 2017-05-20}
}

@INPROCEEDINGS{brittlefracture,
  title = {Graphical modeling and animation of brittle fracture},
  author = {James F. O'Brien and Jessica K. Hodgins},
  booktitle = {SIGGRAPH 99 Proceedings},
  publisher = {ACM Press/Addison-Wesley Publishing Co.},
  address = {New York, NY, USA},
  year = {1999},
  pages = {137--146},
  ISBN = {0-201-48560-5}
}

@INPROCEEDINGS{ductilefracture,
  title = {Graphical modeling and animation of ductile fracture},
  author = {James F. O'Brien and Jessica K. Hodgins and Adam W. Bargteil},
  booktitle = {SIGGRAPH 02 Conference Proceedings},
  publisher = {ACM Press/Addison-Wesley Publishing Co.},
  address = {New York, NY, USA},
  year = {2002},
  pages = {291--294},
}

@INPROCEEDINGS{femingames,
  title = {Real-time deformation and fracture in a game environment},
  author = {James F. O'Brien and Eric G. Parker},
  booktitle = {SCA 09 Proceedings},
  publisher = {ACM Press/Addison-Wesley Publishing Co.},
  address = {New York, NY, USA},
  year = {2009},
  pages = {165--175},
}
  
}
